@inproceedings{smith2013layered,
  title={A Layered Secret Sharing Scheme for Automated Profile Sharing in OSN Groups},
  author={Smith, Guillaume and Boreli, Roksana and Kaafar, Mohamed Ali},
  booktitle={International Conference on Mobile and Ubiquitous Systems: Computing, Networking, and Services},
  pages={487--499},
  year={2013},
  organization={Springer}
}

@article{pang2005new,
  title={A new (t, n) multi-secret sharing scheme based on Shamirâ€™s secret sharing},
  author={Pang, Liao-Jun and Wang, Yu-Min},
  journal={Applied Mathematics and Computation},
  volume={167},
  number={2},
  pages={840--848},
  year={2005},
  publisher={Elsevier}
}

@misc{c-sss,
  key = {c-SSS},
  title = {c-SSS, an implementation of Shamir's Secret Sharing},
  url = {https://github.com/fletcher/c-sss},
  author = {Fletcher T. Penney},
  date = {2015-06-29},
  version = {0.2.0}
}

@misc{coredata,
  key = {Core Data},
  title = {Core Data Programming Guide},
  url = {https://developer.apple.com/library/content/documentation/Cocoa/Conceptual/CoreData/index.html},
  author = {Apple Inc.}
}

@misc{sync,
  key = {Sync},
  title = {Sync},
  url = {https://github.com/SyncDB/Sync},
  author = {Elvis Nunez},
  version = {2.2.0}
}